<record><leader>00000cas a22000007a 4500</leader><controlfield tag="001">13477427</controlfield><controlfield tag="008">860422d18851887iauwr ne      0    0eng d</controlfield><datafield ind1=" " ind2=" " tag="010"><subfield code="a">sn 86060044 </subfield></datafield><datafield ind1=" " ind2=" " tag="040"><subfield code="a">INP</subfield><subfield code="b">eng</subfield><subfield code="c">INP</subfield><subfield code="d">OCLCQ</subfield></datafield><datafield ind1=" " ind2=" " tag="042"><subfield code="a">msc</subfield></datafield><datafield ind1="0" ind2="4" tag="245"><subfield code="a">The Ringgold County Republican.</subfield></datafield><datafield ind1="1" ind2="3" tag="246"><subfield code="a">Republican</subfield><subfield code="f">July 16, 1885-&lt;Feb. 17, 1887&gt;</subfield></datafield><datafield ind1="1" ind2="3" tag="246"><subfield code="a">Ringgold Co. Republican</subfield><subfield code="f">July 16, 1885-&lt;Feb. 17, 1887&gt;</subfield></datafield><datafield ind1=" " ind2=" " tag="260"><subfield code="a">Mount Ayr, Ringgold Co., Iowa :</subfield><subfield code="b">Wisdom &amp; Williams,</subfield><subfield code="c">1885-</subfield></datafield><datafield ind1=" " ind2=" " tag="300"><subfield code="a">volumes :</subfield><subfield code="b">illustrations</subfield></datafield><datafield ind1=" " ind2=" " tag="310"><subfield code="a">Weekly</subfield></datafield><datafield ind1=" " ind2=" " tag="336"><subfield code="a">text</subfield><subfield code="b">txt</subfield><subfield code="2">rdacontent</subfield></datafield><datafield ind1=" " ind2=" " tag="337"><subfield code="a">unmediated</subfield><subfield code="b">n</subfield><subfield code="2">rdamedia</subfield></datafield><datafield ind1=" " ind2=" " tag="338"><subfield code="a">volume</subfield><subfield code="b">nc</subfield><subfield code="2">rdacarrier</subfield></datafield><datafield ind1="0" ind2=" " tag="362"><subfield code="a">Vol. 1, no. 1 (July 16, 1885)-</subfield></datafield><datafield ind1="1" ind2=" " tag="362"><subfield code="a">Ceased Mar. 3, 1887.</subfield><subfield code="z">Cf. Feb. 28, 1907, issue of Ringgold record (Mount Ayr, Iowa).</subfield></datafield><datafield ind1=" " ind2=" " tag="500"><subfield code="a">Daily fair editions issued Sept. 29-&lt;Oct. 1, 1886&gt;.</subfield></datafield><datafield ind1=" " ind2=" " tag="500"><subfield code="a">Publishers: Wisdom &amp; Williams, July 16-Dec. 10, 1885; R.B. Williams, Dec. 17, 1885-July 29, 1886; Williams &amp; Tedford, Aug. 5, 1886-&lt;Feb. 24, 1887&gt;.</subfield></datafield><datafield ind1=" " ind2=" " tag="515"><subfield code="a">Vol. 2, no. 12 (Sept. 30, 1886) misnumbered v. 2, no. 13.</subfield></datafield><datafield ind1=" " ind2=" " tag="752"><subfield code="a">United States</subfield><subfield code="b">Iowa</subfield><subfield code="c">Ringgold</subfield><subfield code="d">Mount Ayr.</subfield></datafield><datafield ind1="0" ind2="4" tag="785"><subfield code="t">Ringgold record (Mount Ayr, Iowa)</subfield><subfield code="w">(DLC)sn 84038346</subfield><subfield code="g">Mar. 1887</subfield></datafield></record>